  @misc{ fonte:xxx,
   author = "Mariana Martucci",
   title = "A pandemia fez o e-commerce decolar. Ainda há fôlego para mais?",
   year = "2021",
   url = "\url{https://exame.com/negocios/a-pandemia-fez-o-e-commerce-decolar-ainda-ha-folego-para-mais/}",
   note = "[Online; accessed 16-abril-2022]"
 }
 @misc{ img:graph,
 author = "Carlos E.",
 title = "O Que é e-commerce: Todos os Detalhes + Como Começar o Seu",
 year = "2022",
 url = "\url{https://www.hostinger.com.br/tutoriais/o-que-e-e-commerce}",
 note = "[Online; accessed 16-abril-2022]"
 
 }
  @misc{ fonte:xxb,
   author = "Wikipédia",
   title = "Algoritmo de Dijkstra --- Wikipédia{,} a enciclopédia livre",
   year = "2019",
   url = "\url{https://pt.wikipedia.org/w/index.php?title=Algoritmo_de_Dijkstra&oldid=56620455}",
   note = "[Online; accessed 2-novembro-2019]"
 }
 